@incollection{bloothooft2015learning,
	title={Learning name variants from inexact high-confidence matches},
	author={Bloothooft, Gerrit and Schraagen, Marijn},
	booktitle={Population Reconstruction},
	pages={61--83},
	year={2015},
	publisher={Springer}
}

@inproceedings{colavizza2016method,
	title={A Method for Record Linkage with Sparse Historical Data},
	author={Colavizza, Giovanni and Ehrmann, Maud and Rochat, Yannick},
	booktitle={Digital Humanities Conference 2016},
	number={EPFL-CONF-217508},
	year={2016}
}

@inproceedings{singla2006entity,
	title={Entity resolution with markov logic},
	author={Singla, Parag and Domingos, Pedro},
	booktitle={Data Mining, 2006. ICDM'06. Sixth International Conference on},
	pages={572--582},
	year={2006},
	organization={IEEE}
}

@phdthesis{schraagen2014aspects,
	title={Aspects of record linkage},
	author={Schraagen, Marijn Paul and others},
	year={2014},
	school={Leiden Institute of Advanced Computer Science (LIACS), Faculty of Science, Leiden University}
}

@inproceedings{ji2011knowledge,
	title={Knowledge base population: Successful approaches and challenges},
	author={Ji, Heng and Grishman, Ralph},
	booktitle={Proceedings of the 49th Annual Meeting of the Association for Computational Linguistics: Human Language Technologies-Volume 1},
	pages={1148--1158},
	year={2011},
	organization={Association for Computational Linguistics}
}