@phdthesis{Aspects001,
    author="Marijn Schraagen",
    title="Aspects of Record Linkage",
    school="Universiteit Leiden",
    year="2014",
    month="11"
}

@book{christen2012data,
    author="Peter Christen",
    title="Data matching: concepts and techniques for record linkage, entity resolution and duplicate detection",
    publisher="Springer Science \& Business Media",
    year="2012"
} 

@book{bloothooft2015population,
    title="Population Reconstruction",
    author="Gerrit Bloothooft and Peter Christen and Kees Mandemakers and Marijn Schraagen",
    year="2015",
    publisher="Springer"
}

@article{dunn1946record,
    title="Record linkage",
    author="Halbert L Dunn",
    journal="American Journal of Public Health and the Nations Health",
    year="1946",
    volume="36" ,
    pages="1412--1426",
    number="12"
}

@article{fellegi1969theory,
    title="A theory for record linkage",
    author="Ivan P Fellegi and Alan B Sunter",
    journal="Journal of the American Statistical Association",
    volume="64",
    number="328",
    pages="1183--1210",
    year="1969",
    publisher="Tayler \& Francis Group"
}

@article{heinz2002burst,
    title="Burst tries: a fast, efficient data structure for string keys",
    author="Steffen Heinz and Justin Zobel and Hugh E Williams",
    journal="ACM Transactions and Information Systems (TOIS)",
    volume="20",
    number="2",
    pages="192--223",
    year="2002",
    publisher="ACM"
}

@article{navarro2001guided,
    title="A guided tour to approximate string matching",
    author="Gonzalo Navarro",
    journal="ACM computing surveys (CSUR)",
    volume="33",
    number="1",
    pages="31--88",
    year="2001",
    publisher="ACM"
}

@article{bloothooft2014learning,
    title="Learning name variants from true person resolution",
    author="Gerrit Bloothooft and Marijn Schraagen",
    journal="Proceedings of the International Workshop of Population Reconstruction",
    year="2014"
}

@inproceedings{levenshtein1966binary,
    title="Binary codes capable of correcting deletions, insertions, and reversals",
    author="Vladimir I Levenshtein",
    booktitle="Soviet physics doklady",
    volume="10",
    number="8",
    pages="707--710",
    year="1966"
}

@article{winkler1991application,
  title={An application of the Fellegi-Sunter model of record linkage to the 1990 US decennial census},
  author={Winkler, William E and Thibaudeau, Yves},
  journal={US Bureau of the Census},
  pages={1--22},
  year={1991},
  publisher={Citeseer}
}

@inproceedings{porter1997approximate,
  title={Approximate string comparison and its effect on an advanced record linkage system},
  author={Porter, Edward H and Winkler, William E and others},
  booktitle={Advanced record linkage system. US Bureau of the Census, Research Report},
  year={1997},
  organization={Citeseer}
}

@inproceedings{winkler2006overview,
  title={Overview of record linkage and current research directions},
  author={Winkler, William E},
  booktitle={Bureau of the Census},
  year={2006},
  organization={Citeseer}
}

@article{newcombe1962record,
  title={Record linkage: making maximum use of the discriminating power of identifying information},
  author={Newcombe, Howard B and Kennedy, James M},
  journal={Communications of the ACM},
  volume={5},
  number={11},
  pages={563--566},
  year={1962},
  publisher={ACM}
}

@article{winkler1990string,
  title={String Comparator Metrics and Enhanced Decision Rules in the Fellegi-Sunter Model of Record Linkage.},
  author={Winkler, William E},
  year={1990},
  publisher={ERIC}
}

@article{jaro1989advances,
  title={Advances in record-linkage methodology as applied to matching the 1985 census of Tampa, Florida},
  author={Jaro, Matthew A},
  journal={Journal of the American Statistical Association},
  volume={84},
  number={406},
  pages={414--420},
  year={1989},
  publisher={Taylor \& Francis Group}
}

@inproceedings{sarawagi2002alias,
  title={Alias: An active learning led interactive deduplication system},
  author={Sarawagi, Sunita and Bhamidipaty, Anuradha and Kirpal, Alok and Mouli, Chandra},
  booktitle={VLDB'02: Proceedings of the 28th International Conference on Very Large Databases},
  pages={1103--1106},
  year={2002},
  organization={Elsevier}
}

@techreport{winkler2002methods,
  title={Methods for record linkage and bayesian networks},
  author={Winkler, William E},
  year={2002},
  institution={Technical report, Statistical Research Division, US Census Bureau, Washington, DC}
}

@inproceedings{zobel1996phonetic,
  title={Phonetic string matching: Lessons from information retrieval},
  author={Zobel, Justin and Dart, Philip},
  booktitle={Proceedings of the 19th annual international ACM SIGIR conference on Research and development in information retrieval},
  pages={166--172},
  year={1996},
  organization={ACM}
}

@article{russell1918soundex,
  title={Soundex},
  author={Russell, R and Odell, M},
  journal={US patent},
  volume={1},
  pages={88},
  year={1918}
}

@article{bloothooft1995rules,
  title={Rules for semi-phonetic conversion of first names and family names},
  author={Bloothooft, G},
  journal={Uil-OTS internal report (in Dutch)},
  year={1995}
}
