@thesis{Aspects001,
	author={Schraagen, Marijn},
	title={Aspects of Record Linkage},
	type={phdthesis},
	institution={Universiteit Leiden},
	date={2014-11-11},
	language={English},
	location={Leiden},
	month={11}
}

@book{christen2012data,
	title={Data matching: concepts and techniques for record linkage, entity resolution, and duplicate detection},
	author={Christen, Peter},
	year={2012},
	publisher={Springer Science \& Business Media}
}

@book{bloothooft2015population,
	title={Population Reconstruction},
	author={Bloothooft, Gerrit and Christen, Peter and Mandemakers, Kees and Schraagen, Marijn},
	year={2015},
	publisher={Springer}
}

@article{dunn1946record,
	title={Record linkage},
	author={Dunn, Halbert L},
	journal={American Journal of Public Health and the Nations Health},
	volume={36},
	number={12},
	pages={1412--1416},
	year={1946},
	publisher={American Public Health Association}
}

@article{fellegi1969theory,
	title={A theory for record linkage},
	author={Fellegi, Ivan P and Sunter, Alan B},
	journal={Journal of the American Statistical Association},
	volume={64},
	number={328},
	pages={1183--1210},
	year={1969},
	publisher={Taylor \& Francis Group}
}

@article{heinz2002burst,
	title={Burst tries: a fast, efficient data structure for string keys},
	author={Heinz, Steffen and Zobel, Justin and Williams, Hugh E},
	journal={ACM Transactions on Information Systems (TOIS)},
	volume={20},
	number={2},
	pages={192--223},
	year={2002},
	publisher={ACM}
}

@article{navarro2001guided,
	title={A guided tour to approximate string matching},
	author={Navarro, Gonzalo},
	journal={ACM computing surveys (CSUR)},
	volume={33},
	number={1},
	pages={31--88},
	year={2001},
	publisher={ACM}
}

@article{bloothooft2014learning,
	title={Learning name variants from true person resolution},
	author={Bloothooft, Gerrit and Schraagen, Marijn},
	journal={Proceedings of the International Workhop on Population Reconstruction. International Institute of Social History},
	year={2014}
}

@inproceedings{levenshtein1966binary,
	title={Binary codes capable of correcting deletions, insertions, and reversals},
	author={Levenshtein, Vladimir I},
	booktitle={Soviet physics doklady},
	volume={10},
	number={8},
	pages={707--710},
	year={1966}
}

@inproceedings{goiser2006towards,
  title={Towards automated record linkage},
  author={Goiser, Karl and Christen, Peter},
  booktitle={Proceedings of the fifth Australasian conference on Data mining and analystics-Volume 61},
  pages={23--31},
  year={2006},
  organization={Australian Computer Society, Inc.}
}